% Encoding: UTF-8

@inproceedings{esop2018:arguments,
  title={Let Arguments Go First},
  author={Xie, Ningning and Oliveira, Bruno C d S},
  booktitle={European Symposium on Programming},
  pages={272--299},
  year={2018},
  organization={Springer}
}

@inproceedings{esop2018:consistent,
  title={Consistent Subtyping for All},
  author={Xie, Ningning and Bi, Xuan and Oliveira, Bruno C d S},
  booktitle={European Symposium on Programming},
  pages={3--30},
  year={2018},
  organization={Springer}
}

@article{toplas:consistent,
author = {Xie, Ningning and Bi, Xuan and Oliveira, Bruno C. D. S. and Schrijvers, Tom},
title = {Consistent Subtyping for All},
year = {2019},
issue_date = {January 2020},
publisher = {Association for Computing Machinery},
address = {New York, NY, USA},
volume = {42},
number = {1},
issn = {0164-0925},
url = {https://doi.org/10.1145/3310339},
doi = {10.1145/3310339},
journal = {ACM Transactions on Programming Languages and Systems},
month = nov,
articleno = {2},
numpages = {79},
keywords = {consistent subtyping, implicit polymorphism, Gradual typing, dynamic gradual guarantee}
}

@article{popl:kind,
author = {Xie, Ningning and Eisenberg, Richard A. and Oliveira, Bruno C. d. S.},
title = {Kind Inference for Datatypes},
year = {2019},
issue_date = {January 2020},
publisher = {Association for Computing Machinery},
address = {New York, NY, USA},
volume = {4},
number = {POPL},
url = {https://doi.org/10.1145/3371121},
doi = {10.1145/3371121},
journal = {Proc. ACM Program. Lang.},
month = dec,
articleno = {53},
numpages = {28},
keywords = {Haskell, Dependent Types}
}

@inproceedings{siek:criteria,
  title={Refined criteria for gradual typing},
  author={Siek, Jeremy G and Vitousek, Michael M and Cimini, Matteo and Boyland, John Tang},
  booktitle={1st Summit on Advances in Programming Languages (SNAPL 2015)},
  year={2015},
  organization={Schloss Dagstuhl-Leibniz-Zentrum fuer Informatik}

}

@inproceedings{siek:consistent:subtyping,
author = {Siek, Jeremy and Taha, Walid},
title = {Gradual Typing for Objects},
year = {2007},
isbn = {3540735887},
publisher = {Springer-Verlag},
address = {Berlin, Heidelberg},
booktitle = {Proceedings of the 21st European Conference on Object-Oriented Programming},
pages = {2–27},
numpages = {26},
location = {Berlin, Germany},
series = {ECOOP'07}
}

@inproceedings{garcia:principal,
author = {Garcia, Ronald and Cimini, Matteo},
title = {Principal Type Schemes for Gradual Programs},
year = {2015},
isbn = {9781450333009},
publisher = {Association for Computing Machinery},
address = {New York, NY, USA},
url = {https://doi.org/10.1145/2676726.2676992},
doi = {10.1145/2676726.2676992},
booktitle = {Proceedings of the 42nd Annual ACM SIGPLAN-SIGACT Symposium on Principles of Programming Languages},
pages = {303–315},
numpages = {13},
keywords = {type inference, gradual typing},
location = {Mumbai, India},
series = {POPL '15}
}

@inproceedings{amal:blame,
author = {Ahmed, Amal and Findler, Robert Bruce and Matthews, Jacob and Wadler, Philip},
title = {Blame for All},
year = {2009},
isbn = {9781605585437},
publisher = {Association for Computing Machinery},
address = {New York, NY, USA},
url = {https://doi.org/10.1145/1570506.1570507},
doi = {10.1145/1570506.1570507},
booktitle = {Proceedings for the 1st Workshop on Script to Program Evolution},
pages = {1–13},
numpages = {13},
location = {Genova, Italy},
series = {STOP '09}
}

 